@misc{dlc,
  title={Discreet Log Contracts},
  author={Dryja, Thaddeus},
  howpublished={\url{https://adiabat.github.io/dlc.pdf}},
  year={2017}
}

@misc{OMDL,
    author = {M. Bellare and C. Namprempre and D. Pointcheval and M. Semanko},
    title = {The One-More-RSA-Inversion Problems and the Security of Chaum's Blind Signature Scheme},
    howpublished = {Cryptology ePrint Archive, Report 2001/002},
    year = {2001},
    note = {\url{https://eprint.iacr.org/2001/002}},
}


@article{pointcheval2000security,
  title={Security Arguments for Digital Signatures and Blind Signatures},
  author={Pointcheval, David and Stern, Jacques},
  journal={Journal of Cryptology},
  volume={13},
  number={3},
  pages={361--396},
  year={2000},
  publisher={Springer-Verlag New York, Inc.}
}

@misc{pop,
    author = {Thomas Ristenpart and Scott Yilek},
    title = {The Power of Proofs-of-Possession: Securing Multiparty Signatures against Rogue-Key Attacks},
    howpublished = {Cryptology ePrint Archive, Report 2007/264},
    year = {2007},
    note = {\url{https://eprint.iacr.org/2007/264}},
}


@inproceedings{kosk,
  title={Threshold signatures, multisignatures and blind signatures based on the gap-Diffie-Hellman-group signature scheme},
  author={Boldyreva, Alexandra},
  booktitle={International Workshop on Public Key Cryptography},
  pages={31--46},
  year={2003},
  organization={Springer}
}

@misc{musig,
    author = {Gregory Maxwell and Andrew Poelstra and Yannick Seurin and Pieter Wuille},
    title = {Simple Schnorr Multi-Signatures with Applications to Bitcoin},
    howpublished = {Cryptology ePrint Archive, Report 2018/068},
    year = {2018},
    note = {\url{https://eprint.iacr.org/2018/068}},
}

@misc{musig2,
    author = {Jonas Nick and Tim Ruffing and Yannick Seurin},
    title = {MuSig2: Simple Two-Round Schnorr Multi-Signatures},
    howpublished = {Cryptology ePrint Archive, Report 2020/1261},
    year = {2020},
    note = {\url{https://eprint.iacr.org/2020/1261}},
}

@misc{musig-dn,
    author = {Jonas Nick and Tim Ruffing and Yannick Seurin and Pieter Wuille},
    title = {MuSig-DN: Schnorr Multi-Signatures with Verifiably Deterministic Nonces},
    howpublished = {Cryptology ePrint Archive, Report 2020/1057},
    year = {2020},
    note = {\url{https://eprint.iacr.org/2020/1057}},
}
